%YAML 1.1
%TAG !u! tag:unity3d.com,2011:
--- !u!29 &1
OcclusionCullingSettings:
  m_ObjectHideFlags: 0
  serializedVersion: 2
  m_OcclusionBakeSettings:
    smallestOccluder: 5
    smallestHole: 0.25
    backfaceThreshold: 100
  m_SceneGUID: 00000000000000000000000000000000
  m_OcclusionCullingData: {fileID: 0}
--- !u!104 &2
RenderSettings:
  m_ObjectHideFlags: 0
  serializedVersion: 9
  m_Fog: 0
  m_FogColor: {r: 0.5, g: 0.5, b: 0.5, a: 1}
  m_FogMode: 3
  m_FogDensity: 0.01
  m_LinearFogStart: 0
  m_LinearFogEnd: 300
  m_AmbientSkyColor: {r: 0.212, g: 0.227, b: 0.259, a: 1}
  m_AmbientEquatorColor: {r: 0.114, g: 0.125, b: 0.133, a: 1}
  m_AmbientGroundColor: {r: 0.047, g: 0.043, b: 0.035, a: 1}
  m_AmbientIntensity: 1
  m_AmbientMode: 3
  m_SubtractiveShadowColor: {r: 0.42, g: 0.478, b: 0.627, a: 1}
  m_SkyboxMaterial: {fileID: 0}
  m_HaloStrength: 0.5
  m_FlareStrength: 1
  m_FlareFadeSpeed: 3
  m_HaloTexture: {fileID: 0}
  m_SpotCookie: {fileID: 10001, guid: 0000000000000000e000000000000000, type: 0}
  m_DefaultReflectionMode: 0
  m_DefaultReflectionResolution: 128
  m_ReflectionBounces: 1
  m_ReflectionIntensity: 1
  m_CustomReflection: {fileID: 0}
  m_Sun: {fileID: 0}
  m_IndirectSpecularColor: {r: 0, g: 0, b: 0, a: 1}
  m_UseRadianceAmbientProbe: 0
--- !u!157 &3
LightmapSettings:
  m_ObjectHideFlags: 0
  serializedVersion: 12
  m_GIWorkflowMode: 1
  m_GISettings:
    serializedVersion: 2
    m_BounceScale: 1
    m_IndirectOutputScale: 1
    m_AlbedoBoost: 1
    m_EnvironmentLightingMode: 0
    m_EnableBakedLightmaps: 0
    m_EnableRealtimeLightmaps: 0
  m_LightmapEditorSettings:
    serializedVersion: 12
    m_Resolution: 2
    m_BakeResolution: 40
    m_AtlasSize: 1024
    m_AO: 0
    m_AOMaxDistance: 1
    m_CompAOExponent: 1
    m_CompAOExponentDirect: 0
    m_ExtractAmbientOcclusion: 0
    m_Padding: 2
    m_LightmapParameters: {fileID: 0}
    m_LightmapsBakeMode: 1
    m_TextureCompression: 1
    m_FinalGather: 0
    m_FinalGatherFiltering: 1
    m_FinalGatherRayCount: 256
    m_ReflectionCompression: 2
    m_MixedBakeMode: 2
    m_BakeBackend: 1
    m_PVRSampling: 1
    m_PVRDirectSampleCount: 32
    m_PVRSampleCount: 512
    m_PVRBounces: 2
    m_PVREnvironmentSampleCount: 256
    m_PVREnvironmentReferencePointCount: 2048
    m_PVRFilteringMode: 1
    m_PVRDenoiserTypeDirect: 1
    m_PVRDenoiserTypeIndirect: 1
    m_PVRDenoiserTypeAO: 1
    m_PVRFilterTypeDirect: 0
    m_PVRFilterTypeIndirect: 0
    m_PVRFilterTypeAO: 0
    m_PVREnvironmentMIS: 1
    m_PVRCulling: 1
    m_PVRFilteringGaussRadiusDirect: 1
    m_PVRFilteringGaussRadiusIndirect: 5
    m_PVRFilteringGaussRadiusAO: 2
    m_PVRFilteringAtrousPositionSigmaDirect: 0.5
    m_PVRFilteringAtrousPositionSigmaIndirect: 2
    m_PVRFilteringAtrousPositionSigmaAO: 1
    m_ExportTrainingData: 0
    m_TrainingDataDestination: TrainingData
    m_LightProbeSampleCountMultiplier: 4
  m_LightingDataAsset: {fileID: 0}
  m_LightingSettings: {fileID: 524072835}
--- !u!196 &4
NavMeshSettings:
  serializedVersion: 2
  m_ObjectHideFlags: 0
  m_BuildSettings:
    serializedVersion: 2
    agentTypeID: 0
    agentRadius: 0.5
    agentHeight: 2
    agentSlope: 45
    agentClimb: 0.4
    ledgeDropHeight: 0
    maxJumpAcrossDistance: 0
    minRegionArea: 2
    manualCellSize: 0
    cellSize: 0.16666667
    manualTileSize: 0
    tileSize: 256
    accuratePlacement: 0
    maxJobWorkers: 0
    preserveTilesOutsideBounds: 0
    debug:
      m_Flags: 0
  m_NavMeshData: {fileID: 0}
--- !u!1 &179551809
GameObject:
  m_ObjectHideFlags: 0
  m_CorrespondingSourceObject: {fileID: 0}
  m_PrefabInstance: {fileID: 0}
  m_PrefabAsset: {fileID: 0}
  serializedVersion: 6
  m_Component:
  - component: {fileID: 179551812}
  - component: {fileID: 179551811}
  - component: {fileID: 179551810}
  m_Layer: 0
  m_Name: EventSystem
  m_TagString: Untagged
  m_Icon: {fileID: 0}
  m_NavMeshLayer: 0
  m_StaticEditorFlags: 0
  m_IsActive: 1
--- !u!114 &179551810
MonoBehaviour:
  m_ObjectHideFlags: 0
  m_CorrespondingSourceObject: {fileID: 0}
  m_PrefabInstance: {fileID: 0}
  m_PrefabAsset: {fileID: 0}
  m_GameObject: {fileID: 179551809}
  m_Enabled: 1
  m_EditorHideFlags: 0
  m_Script: {fileID: 11500000, guid: 4f231c4fb786f3946a6b90b886c48677, type: 3}
  m_Name: 
  m_EditorClassIdentifier: 
  m_HorizontalAxis: Horizontal
  m_VerticalAxis: Vertical
  m_SubmitButton: Submit
  m_CancelButton: Cancel
  m_InputActionsPerSecond: 10
  m_RepeatDelay: 0.5
  m_ForceModuleActive: 0
--- !u!114 &179551811
MonoBehaviour:
  m_ObjectHideFlags: 0
  m_CorrespondingSourceObject: {fileID: 0}
  m_PrefabInstance: {fileID: 0}
  m_PrefabAsset: {fileID: 0}
  m_GameObject: {fileID: 179551809}
  m_Enabled: 1
  m_EditorHideFlags: 0
  m_Script: {fileID: 11500000, guid: 76c392e42b5098c458856cdf6ecaaaa1, type: 3}
  m_Name: 
  m_EditorClassIdentifier: 
  m_FirstSelected: {fileID: 0}
  m_sendNavigationEvents: 1
  m_DragThreshold: 10
--- !u!4 &179551812
Transform:
  m_ObjectHideFlags: 0
  m_CorrespondingSourceObject: {fileID: 0}
  m_PrefabInstance: {fileID: 0}
  m_PrefabAsset: {fileID: 0}
  m_GameObject: {fileID: 179551809}
  m_LocalRotation: {x: 0, y: 0, z: 0, w: 1}
  m_LocalPosition: {x: 0, y: 0, z: 0}
  m_LocalScale: {x: 1, y: 1, z: 1}
  m_Children: []
  m_Father: {fileID: 0}
  m_RootOrder: 2
  m_LocalEulerAnglesHint: {x: 0, y: 0, z: 0}
--- !u!1001 &186967953
PrefabInstance:
  m_ObjectHideFlags: 0
  serializedVersion: 2
  m_Modification:
    m_TransformParent: {fileID: 0}
    m_Modifications:
    - target: {fileID: 7434484776575476331, guid: 8830ec8bd4adccf4ab8b64535911bef4,
        type: 3}
      propertyPath: m_LocalPosition.x
      value: -12.51
      objectReference: {fileID: 0}
    - target: {fileID: 7434484776575476331, guid: 8830ec8bd4adccf4ab8b64535911bef4,
        type: 3}
      propertyPath: m_LocalPosition.y
      value: 12.38
      objectReference: {fileID: 0}
    - target: {fileID: 7434484776575476331, guid: 8830ec8bd4adccf4ab8b64535911bef4,
        type: 3}
      propertyPath: m_LocalPosition.z
      value: -0.32
      objectReference: {fileID: 0}
    - target: {fileID: 7434484776575476331, guid: 8830ec8bd4adccf4ab8b64535911bef4,
        type: 3}
      propertyPath: m_LocalRotation.x
      value: 0.49040478
      objectReference: {fileID: 0}
    - target: {fileID: 7434484776575476331, guid: 8830ec8bd4adccf4ab8b64535911bef4,
        type: 3}
      propertyPath: m_LocalRotation.y
      value: -0.33879876
      objectReference: {fileID: 0}
    - target: {fileID: 7434484776575476331, guid: 8830ec8bd4adccf4ab8b64535911bef4,
        type: 3}
      propertyPath: m_LocalRotation.z
      value: 0.7736939
      objectReference: {fileID: 0}
    - target: {fileID: 7434484776575476331, guid: 8830ec8bd4adccf4ab8b64535911bef4,
        type: 3}
      propertyPath: m_LocalRotation.w
      value: 0.2147471
      objectReference: {fileID: 0}
    - target: {fileID: 7434484776575476331, guid: 8830ec8bd4adccf4ab8b64535911bef4,
        type: 3}
      propertyPath: m_RootOrder
      value: 4
      objectReference: {fileID: 0}
    - target: {fileID: 7434484776575476331, guid: 8830ec8bd4adccf4ab8b64535911bef4,
        type: 3}
      propertyPath: m_LocalEulerAnglesHint.x
      value: 132.703
      objectReference: {fileID: 0}
    - target: {fileID: 7434484776575476331, guid: 8830ec8bd4adccf4ab8b64535911bef4,
        type: 3}
      propertyPath: m_LocalEulerAnglesHint.y
      value: -115.263
      objectReference: {fileID: 0}
    - target: {fileID: 7434484776575476331, guid: 8830ec8bd4adccf4ab8b64535911bef4,
        type: 3}
      propertyPath: m_LocalEulerAnglesHint.z
      value: 0
      objectReference: {fileID: 0}
    - target: {fileID: 7434484776575476334, guid: 8830ec8bd4adccf4ab8b64535911bef4,
        type: 3}
      propertyPath: m_Name
      value: Particle System
      objectReference: {fileID: 0}
    m_RemovedComponents: []
  m_SourcePrefab: {fileID: 100100000, guid: 8830ec8bd4adccf4ab8b64535911bef4, type: 3}
--- !u!1001 &187483029
PrefabInstance:
  m_ObjectHideFlags: 0
  serializedVersion: 2
  m_Modification:
    m_TransformParent: {fileID: 690980259}
    m_Modifications:
    - target: {fileID: 813633283990387014, guid: 774adabdf2e63461cb0fc91e7fe6781b,
        type: 3}
      propertyPath: m_Name
      value: Fenetre chargement
      objectReference: {fileID: 0}
    - target: {fileID: 813633283990387014, guid: 774adabdf2e63461cb0fc91e7fe6781b,
        type: 3}
      propertyPath: m_IsActive
      value: 0
      objectReference: {fileID: 0}
    - target: {fileID: 813633283990387015, guid: 774adabdf2e63461cb0fc91e7fe6781b,
        type: 3}
      propertyPath: m_LocalPosition.x
      value: 0
      objectReference: {fileID: 0}
    - target: {fileID: 813633283990387015, guid: 774adabdf2e63461cb0fc91e7fe6781b,
        type: 3}
      propertyPath: m_LocalPosition.y
      value: 0
      objectReference: {fileID: 0}
    - target: {fileID: 813633283990387015, guid: 774adabdf2e63461cb0fc91e7fe6781b,
        type: 3}
      propertyPath: m_LocalPosition.z
      value: 0
      objectReference: {fileID: 0}
    - target: {fileID: 813633283990387015, guid: 774adabdf2e63461cb0fc91e7fe6781b,
        type: 3}
      propertyPath: m_LocalRotation.x
      value: -0
      objectReference: {fileID: 0}
    - target: {fileID: 813633283990387015, guid: 774adabdf2e63461cb0fc91e7fe6781b,
        type: 3}
      propertyPath: m_LocalRotation.y
      value: -0
      objectReference: {fileID: 0}
    - target: {fileID: 813633283990387015, guid: 774adabdf2e63461cb0fc91e7fe6781b,
        type: 3}
      propertyPath: m_LocalRotation.z
      value: -0
      objectReference: {fileID: 0}
    - target: {fileID: 813633283990387015, guid: 774adabdf2e63461cb0fc91e7fe6781b,
        type: 3}
      propertyPath: m_LocalRotation.w
      value: 1
      objectReference: {fileID: 0}
    - target: {fileID: 813633283990387015, guid: 774adabdf2e63461cb0fc91e7fe6781b,
        type: 3}
      propertyPath: m_RootOrder
      value: 2
      objectReference: {fileID: 0}
    - target: {fileID: 813633283990387015, guid: 774adabdf2e63461cb0fc91e7fe6781b,
        type: 3}
      propertyPath: m_LocalEulerAnglesHint.x
      value: 0
      objectReference: {fileID: 0}
    - target: {fileID: 813633283990387015, guid: 774adabdf2e63461cb0fc91e7fe6781b,
        type: 3}
      propertyPath: m_LocalEulerAnglesHint.y
      value: 0
      objectReference: {fileID: 0}
    - target: {fileID: 813633283990387015, guid: 774adabdf2e63461cb0fc91e7fe6781b,
        type: 3}
      propertyPath: m_LocalEulerAnglesHint.z
      value: 0
      objectReference: {fileID: 0}
    - target: {fileID: 813633283990387015, guid: 774adabdf2e63461cb0fc91e7fe6781b,
        type: 3}
      propertyPath: m_AnchoredPosition.x
      value: -5
      objectReference: {fileID: 0}
    - target: {fileID: 813633283990387015, guid: 774adabdf2e63461cb0fc91e7fe6781b,
        type: 3}
      propertyPath: m_AnchoredPosition.y
      value: -5
      objectReference: {fileID: 0}
    - target: {fileID: 813633283990387015, guid: 774adabdf2e63461cb0fc91e7fe6781b,
        type: 3}
      propertyPath: m_SizeDelta.x
      value: -20
      objectReference: {fileID: 0}
    - target: {fileID: 813633283990387015, guid: 774adabdf2e63461cb0fc91e7fe6781b,
        type: 3}
      propertyPath: m_SizeDelta.y
      value: -20
      objectReference: {fileID: 0}
    - target: {fileID: 813633283990387015, guid: 774adabdf2e63461cb0fc91e7fe6781b,
        type: 3}
      propertyPath: m_AnchorMin.x
      value: 0
      objectReference: {fileID: 0}
    - target: {fileID: 813633283990387015, guid: 774adabdf2e63461cb0fc91e7fe6781b,
        type: 3}
      propertyPath: m_AnchorMin.y
      value: 0
      objectReference: {fileID: 0}
    - target: {fileID: 813633283990387015, guid: 774adabdf2e63461cb0fc91e7fe6781b,
        type: 3}
      propertyPath: m_AnchorMax.x
      value: 1
      objectReference: {fileID: 0}
    - target: {fileID: 813633283990387015, guid: 774adabdf2e63461cb0fc91e7fe6781b,
        type: 3}
      propertyPath: m_AnchorMax.y
      value: 1
      objectReference: {fileID: 0}
    - target: {fileID: 813633283990387015, guid: 774adabdf2e63461cb0fc91e7fe6781b,
        type: 3}
      propertyPath: m_Pivot.x
      value: 0.5
      objectReference: {fileID: 0}
    - target: {fileID: 813633283990387015, guid: 774adabdf2e63461cb0fc91e7fe6781b,
        type: 3}
      propertyPath: m_Pivot.y
      value: 0.5
      objectReference: {fileID: 0}
    m_RemovedComponents: []
  m_SourcePrefab: {fileID: 100100000, guid: 774adabdf2e63461cb0fc91e7fe6781b, type: 3}
--- !u!1 &188069699
GameObject:
  m_ObjectHideFlags: 0
  m_CorrespondingSourceObject: {fileID: 0}
  m_PrefabInstance: {fileID: 0}
  m_PrefabAsset: {fileID: 0}
  serializedVersion: 6
  m_Component:
  - component: {fileID: 188069700}
  - component: {fileID: 188069702}
  - component: {fileID: 188069701}
  m_Layer: 5
  m_Name: Text
  m_TagString: Untagged
  m_Icon: {fileID: 0}
  m_NavMeshLayer: 0
  m_StaticEditorFlags: 0
  m_IsActive: 1
--- !u!224 &188069700
RectTransform:
  m_ObjectHideFlags: 0
  m_CorrespondingSourceObject: {fileID: 0}
  m_PrefabInstance: {fileID: 0}
  m_PrefabAsset: {fileID: 0}
  m_GameObject: {fileID: 188069699}
  m_LocalRotation: {x: 0, y: 0, z: 0, w: 1}
  m_LocalPosition: {x: 0, y: 0, z: 0}
  m_LocalScale: {x: 1, y: 1, z: 1}
  m_Children: []
  m_Father: {fileID: 690980259}
  m_RootOrder: 0
  m_LocalEulerAnglesHint: {x: 0, y: 0, z: 0}
  m_AnchorMin: {x: 0.5, y: 0.5}
  m_AnchorMax: {x: 0.5, y: 0.5}
  m_AnchoredPosition: {x: 184, y: 413.3}
  m_SizeDelta: {x: 1505.9, y: 198.5}
  m_Pivot: {x: 0.5, y: 0.5}
--- !u!114 &188069701
MonoBehaviour:
  m_ObjectHideFlags: 0
  m_CorrespondingSourceObject: {fileID: 0}
  m_PrefabInstance: {fileID: 0}
  m_PrefabAsset: {fileID: 0}
  m_GameObject: {fileID: 188069699}
  m_Enabled: 1
  m_EditorHideFlags: 0
  m_Script: {fileID: 11500000, guid: 5f7201a12d95ffc409449d95f23cf332, type: 3}
  m_Name: 
  m_EditorClassIdentifier: 
  m_Material: {fileID: 0}
  m_Color: {r: 0.990566, g: 0.97654855, b: 0.97654855, a: 1}
  m_RaycastTarget: 1
  m_RaycastPadding: {x: 0, y: 0, z: 0, w: 0}
  m_Maskable: 1
  m_OnCullStateChanged:
    m_PersistentCalls:
      m_Calls: []
  m_FontData:
    m_Font: {fileID: 12800000, guid: 02b06e58187fd8e418158923d70b4cec, type: 3}
    m_FontSize: 14
    m_FontStyle: 0
    m_BestFit: 1
    m_MinSize: 10
    m_MaxSize: 200
    m_Alignment: 2
    m_AlignByGeometry: 0
    m_RichText: 1
    m_HorizontalOverflow: 0
    m_VerticalOverflow: 0
    m_LineSpacing: 1
  m_Text: Titre du jeu
--- !u!222 &188069702
CanvasRenderer:
  m_ObjectHideFlags: 0
  m_CorrespondingSourceObject: {fileID: 0}
  m_PrefabInstance: {fileID: 0}
  m_PrefabAsset: {fileID: 0}
  m_GameObject: {fileID: 188069699}
  m_CullTransparentMesh: 0
--- !u!1 &248775149
GameObject:
  m_ObjectHideFlags: 0
  m_CorrespondingSourceObject: {fileID: 0}
  m_PrefabInstance: {fileID: 0}
  m_PrefabAsset: {fileID: 0}
  serializedVersion: 6
  m_Component:
  - component: {fileID: 248775151}
  - component: {fileID: 248775150}
  m_Layer: 0
  m_Name: BGM
  m_TagString: Untagged
  m_Icon: {fileID: 0}
  m_NavMeshLayer: 0
  m_StaticEditorFlags: 0
  m_IsActive: 1
--- !u!82 &248775150
AudioSource:
  m_ObjectHideFlags: 0
  m_CorrespondingSourceObject: {fileID: 0}
  m_PrefabInstance: {fileID: 0}
  m_PrefabAsset: {fileID: 0}
  m_GameObject: {fileID: 248775149}
  m_Enabled: 1
  serializedVersion: 4
  OutputAudioMixerGroup: {fileID: -1802964777892672052, guid: fbfa313bd510a484798b84452aa34686,
    type: 2}
  m_audioClip: {fileID: 8300000, guid: ba0e92e29baf8d14f8b11c6d0f7400ca, type: 3}
  m_PlayOnAwake: 1
  m_Volume: 1
  m_Pitch: 1
  Loop: 1
  Mute: 0
  Spatialize: 0
  SpatializePostEffects: 0
  Priority: 128
  DopplerLevel: 1
  MinDistance: 1
  MaxDistance: 500
  Pan2D: 0
  rolloffMode: 0
  BypassEffects: 0
  BypassListenerEffects: 0
  BypassReverbZones: 0
  rolloffCustomCurve:
    serializedVersion: 2
    m_Curve:
    - serializedVersion: 3
      time: 0
      value: 1
      inSlope: 0
      outSlope: 0
      tangentMode: 0
      weightedMode: 0
      inWeight: 0.33333334
      outWeight: 0.33333334
    - serializedVersion: 3
      time: 1
      value: 0
      inSlope: 0
      outSlope: 0
      tangentMode: 0
      weightedMode: 0
      inWeight: 0.33333334
      outWeight: 0.33333334
    m_PreInfinity: 2
    m_PostInfinity: 2
    m_RotationOrder: 4
  panLevelCustomCurve:
    serializedVersion: 2
    m_Curve:
    - serializedVersion: 3
      time: 0
      value: 0
      inSlope: 0
      outSlope: 0
      tangentMode: 0
      weightedMode: 0
      inWeight: 0.33333334
      outWeight: 0.33333334
    m_PreInfinity: 2
    m_PostInfinity: 2
    m_RotationOrder: 4
  spreadCustomCurve:
    serializedVersion: 2
    m_Curve:
    - serializedVersion: 3
      time: 0
      value: 0
      inSlope: 0
      outSlope: 0
      tangentMode: 0
      weightedMode: 0
      inWeight: 0.33333334
      outWeight: 0.33333334
    m_PreInfinity: 2
    m_PostInfinity: 2
    m_RotationOrder: 4
  reverbZoneMixCustomCurve:
    serializedVersion: 2
    m_Curve:
    - serializedVersion: 3
      time: 0
      value: 1
      inSlope: 0
      outSlope: 0
      tangentMode: 0
      weightedMode: 0
      inWeight: 0.33333334
      outWeight: 0.33333334
    m_PreInfinity: 2
    m_PostInfinity: 2
    m_RotationOrder: 4
--- !u!4 &248775151
Transform:
  m_ObjectHideFlags: 0
  m_CorrespondingSourceObject: {fileID: 0}
  m_PrefabInstance: {fileID: 0}
  m_PrefabAsset: {fileID: 0}
  m_GameObject: {fileID: 248775149}
  m_LocalRotation: {x: 0, y: 0, z: 0, w: 1}
  m_LocalPosition: {x: 0, y: 0, z: 0}
  m_LocalScale: {x: 1, y: 1, z: 1}
  m_Children: []
  m_Father: {fileID: 0}
  m_RootOrder: 3
  m_LocalEulerAnglesHint: {x: 0, y: 0, z: 0}
--- !u!1001 &255607820
PrefabInstance:
  m_ObjectHideFlags: 0
  serializedVersion: 2
  m_Modification:
    m_TransformParent: {fileID: 1263160916}
    m_Modifications:
    - target: {fileID: 2982139096855273935, guid: 24a400eb214c1462cb6e751ba6e1b1c3,
        type: 3}
      propertyPath: m_Text
      value: Quitter
      objectReference: {fileID: 0}
    - target: {fileID: 7482451963358553232, guid: 24a400eb214c1462cb6e751ba6e1b1c3,
        type: 3}
      propertyPath: m_Name
      value: Bouton Quitter
      objectReference: {fileID: 0}
    - target: {fileID: 8263325014708357748, guid: 24a400eb214c1462cb6e751ba6e1b1c3,
        type: 3}
      propertyPath: m_OnClick.m_PersistentCalls.m_Calls.Array.size
      value: 1
      objectReference: {fileID: 0}
    - target: {fileID: 8263325014708357748, guid: 24a400eb214c1462cb6e751ba6e1b1c3,
        type: 3}
      propertyPath: m_OnClick.m_PersistentCalls.m_Calls.Array.data[0].m_Mode
      value: 1
      objectReference: {fileID: 0}
    - target: {fileID: 8263325014708357748, guid: 24a400eb214c1462cb6e751ba6e1b1c3,
        type: 3}
      propertyPath: m_OnClick.m_PersistentCalls.m_Calls.Array.data[0].m_CallState
      value: 2
      objectReference: {fileID: 0}
    - target: {fileID: 8263325014708357748, guid: 24a400eb214c1462cb6e751ba6e1b1c3,
        type: 3}
      propertyPath: m_OnClick.m_PersistentCalls.m_Calls.Array.data[0].m_Target
      value: 
      objectReference: {fileID: 690980260}
    - target: {fileID: 8263325014708357748, guid: 24a400eb214c1462cb6e751ba6e1b1c3,
        type: 3}
      propertyPath: m_OnClick.m_PersistentCalls.m_Calls.Array.data[0].m_MethodName
      value: quitterJeu
      objectReference: {fileID: 0}
    - target: {fileID: 8263325014708357748, guid: 24a400eb214c1462cb6e751ba6e1b1c3,
        type: 3}
      propertyPath: m_OnClick.m_PersistentCalls.m_Calls.Array.data[0].m_Arguments.m_ObjectArgumentAssemblyTypeName
      value: UnityEngine.Object, UnityEngine
      objectReference: {fileID: 0}
    - target: {fileID: 8989874843610696385, guid: 24a400eb214c1462cb6e751ba6e1b1c3,
        type: 3}
      propertyPath: m_LocalPosition.x
      value: 0
      objectReference: {fileID: 0}
    - target: {fileID: 8989874843610696385, guid: 24a400eb214c1462cb6e751ba6e1b1c3,
        type: 3}
      propertyPath: m_LocalPosition.y
      value: 0
      objectReference: {fileID: 0}
    - target: {fileID: 8989874843610696385, guid: 24a400eb214c1462cb6e751ba6e1b1c3,
        type: 3}
      propertyPath: m_LocalPosition.z
      value: 0
      objectReference: {fileID: 0}
    - target: {fileID: 8989874843610696385, guid: 24a400eb214c1462cb6e751ba6e1b1c3,
        type: 3}
      propertyPath: m_LocalRotation.x
      value: -0
      objectReference: {fileID: 0}
    - target: {fileID: 8989874843610696385, guid: 24a400eb214c1462cb6e751ba6e1b1c3,
        type: 3}
      propertyPath: m_LocalRotation.y
      value: -0
      objectReference: {fileID: 0}
    - target: {fileID: 8989874843610696385, guid: 24a400eb214c1462cb6e751ba6e1b1c3,
        type: 3}
      propertyPath: m_LocalRotation.z
      value: -0
      objectReference: {fileID: 0}
    - target: {fileID: 8989874843610696385, guid: 24a400eb214c1462cb6e751ba6e1b1c3,
        type: 3}
      propertyPath: m_LocalRotation.w
      value: 1
      objectReference: {fileID: 0}
    - target: {fileID: 8989874843610696385, guid: 24a400eb214c1462cb6e751ba6e1b1c3,
        type: 3}
      propertyPath: m_RootOrder
      value: 2
      objectReference: {fileID: 0}
    - target: {fileID: 8989874843610696385, guid: 24a400eb214c1462cb6e751ba6e1b1c3,
        type: 3}
      propertyPath: m_LocalEulerAnglesHint.x
      value: 0
      objectReference: {fileID: 0}
    - target: {fileID: 8989874843610696385, guid: 24a400eb214c1462cb6e751ba6e1b1c3,
        type: 3}
      propertyPath: m_LocalEulerAnglesHint.y
      value: 0
      objectReference: {fileID: 0}
    - target: {fileID: 8989874843610696385, guid: 24a400eb214c1462cb6e751ba6e1b1c3,
        type: 3}
      propertyPath: m_LocalEulerAnglesHint.z
      value: 0
      objectReference: {fileID: 0}
    - target: {fileID: 8989874843610696385, guid: 24a400eb214c1462cb6e751ba6e1b1c3,
        type: 3}
      propertyPath: m_AnchoredPosition.x
      value: 0
      objectReference: {fileID: 0}
    - target: {fileID: 8989874843610696385, guid: 24a400eb214c1462cb6e751ba6e1b1c3,
        type: 3}
      propertyPath: m_AnchoredPosition.y
      value: 0
      objectReference: {fileID: 0}
    - target: {fileID: 8989874843610696385, guid: 24a400eb214c1462cb6e751ba6e1b1c3,
        type: 3}
      propertyPath: m_SizeDelta.x
      value: 371
      objectReference: {fileID: 0}
    - target: {fileID: 8989874843610696385, guid: 24a400eb214c1462cb6e751ba6e1b1c3,
        type: 3}
      propertyPath: m_SizeDelta.y
      value: 111.7
      objectReference: {fileID: 0}
    - target: {fileID: 8989874843610696385, guid: 24a400eb214c1462cb6e751ba6e1b1c3,
        type: 3}
      propertyPath: m_AnchorMin.x
      value: 0
      objectReference: {fileID: 0}
    - target: {fileID: 8989874843610696385, guid: 24a400eb214c1462cb6e751ba6e1b1c3,
        type: 3}
      propertyPath: m_AnchorMin.y
      value: 0
      objectReference: {fileID: 0}
    - target: {fileID: 8989874843610696385, guid: 24a400eb214c1462cb6e751ba6e1b1c3,
        type: 3}
      propertyPath: m_AnchorMax.x
      value: 0
      objectReference: {fileID: 0}
    - target: {fileID: 8989874843610696385, guid: 24a400eb214c1462cb6e751ba6e1b1c3,
        type: 3}
      propertyPath: m_AnchorMax.y
      value: 0
      objectReference: {fileID: 0}
    - target: {fileID: 8989874843610696385, guid: 24a400eb214c1462cb6e751ba6e1b1c3,
        type: 3}
      propertyPath: m_Pivot.x
      value: 0.5
      objectReference: {fileID: 0}
    - target: {fileID: 8989874843610696385, guid: 24a400eb214c1462cb6e751ba6e1b1c3,
        type: 3}
      propertyPath: m_Pivot.y
      value: 0.5
      objectReference: {fileID: 0}
    m_RemovedComponents: []
  m_SourcePrefab: {fileID: 100100000, guid: 24a400eb214c1462cb6e751ba6e1b1c3, type: 3}
--- !u!114 &468264053 stripped
MonoBehaviour:
  m_CorrespondingSourceObject: {fileID: 813633284753334782, guid: 774adabdf2e63461cb0fc91e7fe6781b,
    type: 3}
  m_PrefabInstance: {fileID: 187483029}
  m_PrefabAsset: {fileID: 0}
  m_GameObject: {fileID: 0}
  m_Enabled: 1
  m_EditorHideFlags: 0
  m_Script: {fileID: 11500000, guid: 5f7201a12d95ffc409449d95f23cf332, type: 3}
  m_Name: 
  m_EditorClassIdentifier: 
--- !u!1001 &492535654
PrefabInstance:
  m_ObjectHideFlags: 0
  serializedVersion: 2
  m_Modification:
    m_TransformParent: {fileID: 1263160916}
    m_Modifications:
    - target: {fileID: 2982139096855273935, guid: 24a400eb214c1462cb6e751ba6e1b1c3,
        type: 3}
      propertyPath: m_Text
      value: Options
      objectReference: {fileID: 0}
    - target: {fileID: 7482451963358553232, guid: 24a400eb214c1462cb6e751ba6e1b1c3,
        type: 3}
      propertyPath: m_Name
      value: Bouton Option
      objectReference: {fileID: 0}
    - target: {fileID: 8263325014708357748, guid: 24a400eb214c1462cb6e751ba6e1b1c3,
        type: 3}
      propertyPath: m_OnClick.m_PersistentCalls.m_Calls.Array.size
      value: 1
      objectReference: {fileID: 0}
    - target: {fileID: 8263325014708357748, guid: 24a400eb214c1462cb6e751ba6e1b1c3,
        type: 3}
      propertyPath: m_OnClick.m_PersistentCalls.m_Calls.Array.data[0].m_Mode
      value: 1
      objectReference: {fileID: 0}
    - target: {fileID: 8263325014708357748, guid: 24a400eb214c1462cb6e751ba6e1b1c3,
        type: 3}
      propertyPath: m_OnClick.m_PersistentCalls.m_Calls.Array.data[0].m_CallState
      value: 2
      objectReference: {fileID: 0}
    - target: {fileID: 8263325014708357748, guid: 24a400eb214c1462cb6e751ba6e1b1c3,
        type: 3}
      propertyPath: m_OnClick.m_PersistentCalls.m_Calls.Array.data[0].m_Target
      value: 
      objectReference: {fileID: 690980260}
    - target: {fileID: 8263325014708357748, guid: 24a400eb214c1462cb6e751ba6e1b1c3,
        type: 3}
      propertyPath: m_OnClick.m_PersistentCalls.m_Calls.Array.data[0].m_MethodName
      value: ouvrirOptions
      objectReference: {fileID: 0}
    - target: {fileID: 8263325014708357748, guid: 24a400eb214c1462cb6e751ba6e1b1c3,
        type: 3}
      propertyPath: m_OnClick.m_PersistentCalls.m_Calls.Array.data[0].m_Arguments.m_ObjectArgumentAssemblyTypeName
      value: UnityEngine.Object, UnityEngine
      objectReference: {fileID: 0}
    - target: {fileID: 8989874843610696385, guid: 24a400eb214c1462cb6e751ba6e1b1c3,
        type: 3}
      propertyPath: m_LocalPosition.x
      value: 0
      objectReference: {fileID: 0}
    - target: {fileID: 8989874843610696385, guid: 24a400eb214c1462cb6e751ba6e1b1c3,
        type: 3}
      propertyPath: m_LocalPosition.y
      value: 0
      objectReference: {fileID: 0}
    - target: {fileID: 8989874843610696385, guid: 24a400eb214c1462cb6e751ba6e1b1c3,
        type: 3}
      propertyPath: m_LocalPosition.z
      value: 0
      objectReference: {fileID: 0}
    - target: {fileID: 8989874843610696385, guid: 24a400eb214c1462cb6e751ba6e1b1c3,
        type: 3}
      propertyPath: m_LocalRotation.x
      value: -0
      objectReference: {fileID: 0}
    - target: {fileID: 8989874843610696385, guid: 24a400eb214c1462cb6e751ba6e1b1c3,
        type: 3}
      propertyPath: m_LocalRotation.y
      value: -0
      objectReference: {fileID: 0}
    - target: {fileID: 8989874843610696385, guid: 24a400eb214c1462cb6e751ba6e1b1c3,
        type: 3}
      propertyPath: m_LocalRotation.z
      value: -0
      objectReference: {fileID: 0}
    - target: {fileID: 8989874843610696385, guid: 24a400eb214c1462cb6e751ba6e1b1c3,
        type: 3}
      propertyPath: m_LocalRotation.w
      value: 1
      objectReference: {fileID: 0}
    - target: {fileID: 8989874843610696385, guid: 24a400eb214c1462cb6e751ba6e1b1c3,
        type: 3}
      propertyPath: m_RootOrder
      value: 1
      objectReference: {fileID: 0}
    - target: {fileID: 8989874843610696385, guid: 24a400eb214c1462cb6e751ba6e1b1c3,
        type: 3}
      propertyPath: m_LocalEulerAnglesHint.x
      value: 0
      objectReference: {fileID: 0}
    - target: {fileID: 8989874843610696385, guid: 24a400eb214c1462cb6e751ba6e1b1c3,
        type: 3}
      propertyPath: m_LocalEulerAnglesHint.y
      value: 0
      objectReference: {fileID: 0}
    - target: {fileID: 8989874843610696385, guid: 24a400eb214c1462cb6e751ba6e1b1c3,
        type: 3}
      propertyPath: m_LocalEulerAnglesHint.z
      value: 0
      objectReference: {fileID: 0}
    - target: {fileID: 8989874843610696385, guid: 24a400eb214c1462cb6e751ba6e1b1c3,
        type: 3}
      propertyPath: m_AnchoredPosition.x
      value: 0
      objectReference: {fileID: 0}
    - target: {fileID: 8989874843610696385, guid: 24a400eb214c1462cb6e751ba6e1b1c3,
        type: 3}
      propertyPath: m_AnchoredPosition.y
      value: 0
      objectReference: {fileID: 0}
    - target: {fileID: 8989874843610696385, guid: 24a400eb214c1462cb6e751ba6e1b1c3,
        type: 3}
      propertyPath: m_SizeDelta.x
      value: 371
      objectReference: {fileID: 0}
    - target: {fileID: 8989874843610696385, guid: 24a400eb214c1462cb6e751ba6e1b1c3,
        type: 3}
      propertyPath: m_SizeDelta.y
      value: 111.7
      objectReference: {fileID: 0}
    - target: {fileID: 8989874843610696385, guid: 24a400eb214c1462cb6e751ba6e1b1c3,
        type: 3}
      propertyPath: m_AnchorMin.x
      value: 0
      objectReference: {fileID: 0}
    - target: {fileID: 8989874843610696385, guid: 24a400eb214c1462cb6e751ba6e1b1c3,
        type: 3}
      propertyPath: m_AnchorMin.y
      value: 0
      objectReference: {fileID: 0}
    - target: {fileID: 8989874843610696385, guid: 24a400eb214c1462cb6e751ba6e1b1c3,
        type: 3}
      propertyPath: m_AnchorMax.x
      value: 0
      objectReference: {fileID: 0}
    - target: {fileID: 8989874843610696385, guid: 24a400eb214c1462cb6e751ba6e1b1c3,
        type: 3}
      propertyPath: m_AnchorMax.y
      value: 0
      objectReference: {fileID: 0}
    - target: {fileID: 8989874843610696385, guid: 24a400eb214c1462cb6e751ba6e1b1c3,
        type: 3}
      propertyPath: m_Pivot.x
      value: 0.5
      objectReference: {fileID: 0}
    - target: {fileID: 8989874843610696385, guid: 24a400eb214c1462cb6e751ba6e1b1c3,
        type: 3}
      propertyPath: m_Pivot.y
      value: 0.5
      objectReference: {fileID: 0}
    m_RemovedComponents: []
  m_SourcePrefab: {fileID: 100100000, guid: 24a400eb214c1462cb6e751ba6e1b1c3, type: 3}
--- !u!850595691 &524072835
LightingSettings:
  m_ObjectHideFlags: 0
  m_CorrespondingSourceObject: {fileID: 0}
  m_PrefabInstance: {fileID: 0}
  m_PrefabAsset: {fileID: 0}
  m_Name: Settings.lighting
  serializedVersion: 2
  m_GIWorkflowMode: 1
  m_EnableBakedLightmaps: 0
  m_EnableRealtimeLightmaps: 0
  m_RealtimeEnvironmentLighting: 1
  m_BounceScale: 1
  m_AlbedoBoost: 1
  m_IndirectOutputScale: 1
  m_UsingShadowmask: 1
  m_BakeBackend: 1
  m_LightmapMaxSize: 1024
  m_BakeResolution: 40
  m_Padding: 2
  m_TextureCompression: 1
  m_AO: 0
  m_AOMaxDistance: 1
  m_CompAOExponent: 1
  m_CompAOExponentDirect: 0
  m_ExtractAO: 0
  m_MixedBakeMode: 2
  m_LightmapsBakeMode: 1
  m_FilterMode: 1
  m_LightmapParameters: {fileID: 0}
  m_ExportTrainingData: 0
  m_TrainingDataDestination: TrainingData
  m_RealtimeResolution: 2
  m_ForceWhiteAlbedo: 0
  m_ForceUpdates: 0
  m_FinalGather: 0
  m_FinalGatherRayCount: 256
  m_FinalGatherFiltering: 1
  m_PVRCulling: 1
  m_PVRSampling: 1
  m_PVRDirectSampleCount: 32
  m_PVRSampleCount: 512
  m_PVREnvironmentSampleCount: 256
  m_PVREnvironmentReferencePointCount: 2048
  m_LightProbeSampleCountMultiplier: 4
  m_PVRBounces: 2
  m_PVRRussianRouletteStartBounce: 2
  m_PVREnvironmentMIS: 1
  m_PVRFilteringMode: 1
  m_PVRDenoiserTypeDirect: 1
  m_PVRDenoiserTypeIndirect: 1
  m_PVRDenoiserTypeAO: 1
  m_PVRFilterTypeDirect: 0
  m_PVRFilterTypeIndirect: 0
  m_PVRFilterTypeAO: 0
  m_PVRFilteringGaussRadiusDirect: 1
  m_PVRFilteringGaussRadiusIndirect: 5
  m_PVRFilteringGaussRadiusAO: 2
  m_PVRFilteringAtrousPositionSigmaDirect: 0.5
  m_PVRFilteringAtrousPositionSigmaIndirect: 2
  m_PVRFilteringAtrousPositionSigmaAO: 1
--- !u!1 &690980255
GameObject:
  m_ObjectHideFlags: 0
  m_CorrespondingSourceObject: {fileID: 0}
  m_PrefabInstance: {fileID: 0}
  m_PrefabAsset: {fileID: 0}
  serializedVersion: 6
  m_Component:
  - component: {fileID: 690980259}
  - component: {fileID: 690980258}
  - component: {fileID: 690980257}
  - component: {fileID: 690980256}
  - component: {fileID: 690980260}
  m_Layer: 5
  m_Name: Canvas
  m_TagString: Untagged
  m_Icon: {fileID: 0}
  m_NavMeshLayer: 0
  m_StaticEditorFlags: 0
  m_IsActive: 1
--- !u!114 &690980256
MonoBehaviour:
  m_ObjectHideFlags: 0
  m_CorrespondingSourceObject: {fileID: 0}
  m_PrefabInstance: {fileID: 0}
  m_PrefabAsset: {fileID: 0}
  m_GameObject: {fileID: 690980255}
  m_Enabled: 1
  m_EditorHideFlags: 0
  m_Script: {fileID: 11500000, guid: dc42784cf147c0c48a680349fa168899, type: 3}
  m_Name: 
  m_EditorClassIdentifier: 
  m_IgnoreReversedGraphics: 1
  m_BlockingObjects: 0
  m_BlockingMask:
    serializedVersion: 2
    m_Bits: 4294967295
--- !u!114 &690980257
MonoBehaviour:
  m_ObjectHideFlags: 0
  m_CorrespondingSourceObject: {fileID: 0}
  m_PrefabInstance: {fileID: 0}
  m_PrefabAsset: {fileID: 0}
  m_GameObject: {fileID: 690980255}
  m_Enabled: 1
  m_EditorHideFlags: 0
  m_Script: {fileID: 11500000, guid: 0cd44c1031e13a943bb63640046fad76, type: 3}
  m_Name: 
  m_EditorClassIdentifier: 
  m_UiScaleMode: 1
  m_ReferencePixelsPerUnit: 100
  m_ScaleFactor: 1
  m_ReferenceResolution: {x: 1920, y: 1080}
  m_ScreenMatchMode: 0
  m_MatchWidthOrHeight: 0
  m_PhysicalUnit: 3
  m_FallbackScreenDPI: 96
  m_DefaultSpriteDPI: 96
  m_DynamicPixelsPerUnit: 1
--- !u!223 &690980258
Canvas:
  m_ObjectHideFlags: 0
  m_CorrespondingSourceObject: {fileID: 0}
  m_PrefabInstance: {fileID: 0}
  m_PrefabAsset: {fileID: 0}
  m_GameObject: {fileID: 690980255}
  m_Enabled: 1
  serializedVersion: 3
  m_RenderMode: 0
  m_Camera: {fileID: 0}
  m_PlaneDistance: 100
  m_PixelPerfect: 0
  m_ReceivesEvents: 1
  m_OverrideSorting: 0
  m_OverridePixelPerfect: 0
  m_SortingBucketNormalizedSize: 0
  m_AdditionalShaderChannelsFlag: 0
  m_SortingLayerID: 0
  m_SortingOrder: 0
  m_TargetDisplay: 0
--- !u!224 &690980259
RectTransform:
  m_ObjectHideFlags: 0
  m_CorrespondingSourceObject: {fileID: 0}
  m_PrefabInstance: {fileID: 0}
  m_PrefabAsset: {fileID: 0}
  m_GameObject: {fileID: 690980255}
  m_LocalRotation: {x: 0, y: 0, z: 0, w: 1}
  m_LocalPosition: {x: 0, y: 0, z: 0}
  m_LocalScale: {x: 0, y: 0, z: 0}
  m_Children:
  - {fileID: 188069700}
  - {fileID: 1263160916}
  - {fileID: 1761254500}
  - {fileID: 1119058752}
  m_Father: {fileID: 0}
  m_RootOrder: 1
  m_LocalEulerAnglesHint: {x: 0, y: 0, z: 0}
  m_AnchorMin: {x: 0, y: 0}
  m_AnchorMax: {x: 0, y: 0}
  m_AnchoredPosition: {x: 0, y: 0}
  m_SizeDelta: {x: 0, y: 0}
  m_Pivot: {x: 0, y: 0}
--- !u!114 &690980260
MonoBehaviour:
  m_ObjectHideFlags: 0
  m_CorrespondingSourceObject: {fileID: 0}
  m_PrefabInstance: {fileID: 0}
  m_PrefabAsset: {fileID: 0}
  m_GameObject: {fileID: 690980255}
  m_Enabled: 1
  m_EditorHideFlags: 0
  m_Script: {fileID: 11500000, guid: 72b434a8c30574f008cdaea4a2262f5f, type: 3}
  m_Name: 
  m_EditorClassIdentifier: 
  niveau1: Pause menu
  fenetreOption: {fileID: 1119058748}
  fenetreChargement: {fileID: 1761254497}
  iconeChargement: {fileID: 696849927}
  texteChargement: {fileID: 468264053}
--- !u!1 &696849927 stripped
GameObject:
  m_CorrespondingSourceObject: {fileID: 813633283267095590, guid: 774adabdf2e63461cb0fc91e7fe6781b,
    type: 3}
  m_PrefabInstance: {fileID: 187483029}
  m_PrefabAsset: {fileID: 0}
--- !u!1 &1119058748 stripped
GameObject:
  m_CorrespondingSourceObject: {fileID: 5643242461475393417, guid: 81bd900da123b4ebabcd066665ec1d69,
    type: 3}
  m_PrefabInstance: {fileID: 1779904351}
  m_PrefabAsset: {fileID: 0}
--- !u!224 &1119058752 stripped
RectTransform:
  m_CorrespondingSourceObject: {fileID: 5643242461475393416, guid: 81bd900da123b4ebabcd066665ec1d69,
    type: 3}
  m_PrefabInstance: {fileID: 1779904351}
  m_PrefabAsset: {fileID: 0}
--- !u!1 &1263160915
GameObject:
  m_ObjectHideFlags: 0
  m_CorrespondingSourceObject: {fileID: 0}
  m_PrefabInstance: {fileID: 0}
  m_PrefabAsset: {fileID: 0}
  serializedVersion: 6
  m_Component:
  - component: {fileID: 1263160916}
  - component: {fileID: 1263160917}
  m_Layer: 5
  m_Name: Conteneur boutons
  m_TagString: Untagged
  m_Icon: {fileID: 0}
  m_NavMeshLayer: 0
  m_StaticEditorFlags: 0
  m_IsActive: 1
--- !u!224 &1263160916
RectTransform:
  m_ObjectHideFlags: 0
  m_CorrespondingSourceObject: {fileID: 0}
  m_PrefabInstance: {fileID: 0}
  m_PrefabAsset: {fileID: 0}
  m_GameObject: {fileID: 1263160915}
  m_LocalRotation: {x: 0, y: 0, z: 0, w: 1}
  m_LocalPosition: {x: 0, y: 0, z: 0}
  m_LocalScale: {x: 1, y: 1, z: 1}
  m_Children:
  - {fileID: 2123647616}
  - {fileID: 1671658380}
  - {fileID: 1996115042}
  m_Father: {fileID: 690980259}
  m_RootOrder: 1
  m_LocalEulerAnglesHint: {x: 0, y: 0, z: 0}
  m_AnchorMin: {x: 1, y: 0.5}
  m_AnchorMax: {x: 1, y: 0.5}
  m_AnchoredPosition: {x: -92, y: 0}
  m_SizeDelta: {x: 100, y: 100}
  m_Pivot: {x: 0.5, y: 0.5}
--- !u!114 &1263160917
MonoBehaviour:
  m_ObjectHideFlags: 0
  m_CorrespondingSourceObject: {fileID: 0}
  m_PrefabInstance: {fileID: 0}
  m_PrefabAsset: {fileID: 0}
  m_GameObject: {fileID: 1263160915}
  m_Enabled: 1
  m_EditorHideFlags: 0
  m_Script: {fileID: 11500000, guid: 59f8146938fff824cb5fd77236b75775, type: 3}
  m_Name: 
  m_EditorClassIdentifier: 
  m_Padding:
    m_Left: 0
    m_Right: 0
    m_Top: 0
    m_Bottom: 0
  m_ChildAlignment: 2
  m_Spacing: 15
  m_ChildForceExpandWidth: 1
  m_ChildForceExpandHeight: 1
  m_ChildControlWidth: 0
  m_ChildControlHeight: 0
  m_ChildScaleWidth: 0
  m_ChildScaleHeight: 0
  m_ReverseArrangement: 0
--- !u!1 &1464133170
GameObject:
  m_ObjectHideFlags: 0
  m_CorrespondingSourceObject: {fileID: 0}
  m_PrefabInstance: {fileID: 0}
  m_PrefabAsset: {fileID: 0}
  serializedVersion: 6
  m_Component:
  - component: {fileID: 1464133173}
  - component: {fileID: 1464133172}
  - component: {fileID: 1464133171}
  m_Layer: 0
  m_Name: Main Camera
  m_TagString: MainCamera
  m_Icon: {fileID: 0}
  m_NavMeshLayer: 0
  m_StaticEditorFlags: 0
  m_IsActive: 1
--- !u!81 &1464133171
AudioListener:
  m_ObjectHideFlags: 0
  m_CorrespondingSourceObject: {fileID: 0}
  m_PrefabInstance: {fileID: 0}
  m_PrefabAsset: {fileID: 0}
  m_GameObject: {fileID: 1464133170}
  m_Enabled: 1
--- !u!20 &1464133172
Camera:
  m_ObjectHideFlags: 0
  m_CorrespondingSourceObject: {fileID: 0}
  m_PrefabInstance: {fileID: 0}
  m_PrefabAsset: {fileID: 0}
  m_GameObject: {fileID: 1464133170}
  m_Enabled: 1
  serializedVersion: 2
  m_ClearFlags: 2
  m_BackGroundColor: {r: 0.009211485, g: 0.009298013, b: 0.009433985, a: 0}
  m_projectionMatrixMode: 1
  m_GateFitMode: 2
  m_FOVAxisMode: 0
  m_SensorSize: {x: 36, y: 24}
  m_LensShift: {x: 0, y: 0}
  m_FocalLength: 50
  m_NormalizedViewPortRect:
    serializedVersion: 2
    x: 0
    y: 0
    width: 1
    height: 1
  near clip plane: 0.3
  far clip plane: 1000
  field of view: 60
  orthographic: 1
  orthographic size: 5
  m_Depth: -1
  m_CullingMask:
    serializedVersion: 2
    m_Bits: 4294967295
  m_RenderingPath: -1
  m_TargetTexture: {fileID: 0}
  m_TargetDisplay: 0
  m_TargetEye: 3
  m_HDR: 1
  m_AllowMSAA: 1
  m_AllowDynamicResolution: 0
  m_ForceIntoRT: 0
  m_OcclusionCulling: 1
  m_StereoConvergence: 10
  m_StereoSeparation: 0.022
--- !u!4 &1464133173
Transform:
  m_ObjectHideFlags: 0
  m_CorrespondingSourceObject: {fileID: 0}
  m_PrefabInstance: {fileID: 0}
  m_PrefabAsset: {fileID: 0}
  m_GameObject: {fileID: 1464133170}
  m_LocalRotation: {x: 0, y: 0, z: 0, w: 1}
  m_LocalPosition: {x: 0, y: 0, z: -10}
  m_LocalScale: {x: 1, y: 1, z: 1}
  m_Children: []
  m_Father: {fileID: 0}
  m_RootOrder: 0
  m_LocalEulerAnglesHint: {x: 0, y: 0, z: 0}
--- !u!224 &1671658380 stripped
RectTransform:
  m_CorrespondingSourceObject: {fileID: 8989874843610696385, guid: 24a400eb214c1462cb6e751ba6e1b1c3,
    type: 3}
  m_PrefabInstance: {fileID: 492535654}
  m_PrefabAsset: {fileID: 0}
--- !u!1 &1761254497 stripped
GameObject:
  m_CorrespondingSourceObject: {fileID: 813633283990387014, guid: 774adabdf2e63461cb0fc91e7fe6781b,
    type: 3}
  m_PrefabInstance: {fileID: 187483029}
  m_PrefabAsset: {fileID: 0}
--- !u!224 &1761254500 stripped
RectTransform:
  m_CorrespondingSourceObject: {fileID: 813633283990387015, guid: 774adabdf2e63461cb0fc91e7fe6781b,
    type: 3}
  m_PrefabInstance: {fileID: 187483029}
  m_PrefabAsset: {fileID: 0}
--- !u!1001 &1779904351
PrefabInstance:
  m_ObjectHideFlags: 0
  serializedVersion: 2
  m_Modification:
    m_TransformParent: {fileID: 690980259}
    m_Modifications:
    - target: {fileID: 4394925337122552661, guid: 81bd900da123b4ebabcd066665ec1d69,
        type: 3}
      propertyPath: m_OnClick.m_PersistentCalls.m_Calls.Array.data[0].m_Target
      value: 
      objectReference: {fileID: 690980260}
    - target: {fileID: 4394925337122552661, guid: 81bd900da123b4ebabcd066665ec1d69,
        type: 3}
      propertyPath: m_OnClick.m_PersistentCalls.m_Calls.Array.data[0].m_MethodName
      value: fermerOptions
      objectReference: {fileID: 0}
    - target: {fileID: 4394925337122552661, guid: 81bd900da123b4ebabcd066665ec1d69,
        type: 3}
      propertyPath: m_OnClick.m_PersistentCalls.m_Calls.Array.data[0].m_TargetAssemblyTypeName
      value: MenuPrincipal, Assembly-CSharp
      objectReference: {fileID: 0}
    - target: {fileID: 5643242461475393416, guid: 81bd900da123b4ebabcd066665ec1d69,
        type: 3}
      propertyPath: m_LocalPosition.x
      value: 0
      objectReference: {fileID: 0}
    - target: {fileID: 5643242461475393416, guid: 81bd900da123b4ebabcd066665ec1d69,
        type: 3}
      propertyPath: m_LocalPosition.y
      value: 0
      objectReference: {fileID: 0}
    - target: {fileID: 5643242461475393416, guid: 81bd900da123b4ebabcd066665ec1d69,
        type: 3}
      propertyPath: m_LocalPosition.z
      value: 0
      objectReference: {fileID: 0}
    - target: {fileID: 5643242461475393416, guid: 81bd900da123b4ebabcd066665ec1d69,
        type: 3}
      propertyPath: m_LocalRotation.x
      value: 0
      objectReference: {fileID: 0}
    - target: {fileID: 5643242461475393416, guid: 81bd900da123b4ebabcd066665ec1d69,
        type: 3}
      propertyPath: m_LocalRotation.y
      value: 0
      objectReference: {fileID: 0}
    - target: {fileID: 5643242461475393416, guid: 81bd900da123b4ebabcd066665ec1d69,
        type: 3}
      propertyPath: m_LocalRotation.z
      value: 0
      objectReference: {fileID: 0}
    - target: {fileID: 5643242461475393416, guid: 81bd900da123b4ebabcd066665ec1d69,
        type: 3}
      propertyPath: m_LocalRotation.w
      value: 1
      objectReference: {fileID: 0}
    - target: {fileID: 5643242461475393416, guid: 81bd900da123b4ebabcd066665ec1d69,
        type: 3}
      propertyPath: m_RootOrder
      value: 3
      objectReference: {fileID: 0}
    - target: {fileID: 5643242461475393416, guid: 81bd900da123b4ebabcd066665ec1d69,
        type: 3}
      propertyPath: m_LocalEulerAnglesHint.x
      value: 0
      objectReference: {fileID: 0}
    - target: {fileID: 5643242461475393416, guid: 81bd900da123b4ebabcd066665ec1d69,
        type: 3}
      propertyPath: m_LocalEulerAnglesHint.y
      value: 0
      objectReference: {fileID: 0}
    - target: {fileID: 5643242461475393416, guid: 81bd900da123b4ebabcd066665ec1d69,
        type: 3}
      propertyPath: m_LocalEulerAnglesHint.z
      value: 0
      objectReference: {fileID: 0}
    - target: {fileID: 5643242461475393416, guid: 81bd900da123b4ebabcd066665ec1d69,
        type: 3}
      propertyPath: m_AnchoredPosition.x
      value: 0
      objectReference: {fileID: 0}
    - target: {fileID: 5643242461475393416, guid: 81bd900da123b4ebabcd066665ec1d69,
        type: 3}
      propertyPath: m_AnchoredPosition.y
      value: 0
      objectReference: {fileID: 0}
    - target: {fileID: 5643242461475393416, guid: 81bd900da123b4ebabcd066665ec1d69,
        type: 3}
      propertyPath: m_SizeDelta.x
      value: -30.000008
      objectReference: {fileID: 0}
    - target: {fileID: 5643242461475393416, guid: 81bd900da123b4ebabcd066665ec1d69,
        type: 3}
      propertyPath: m_SizeDelta.y
      value: -30
      objectReference: {fileID: 0}
    - target: {fileID: 5643242461475393416, guid: 81bd900da123b4ebabcd066665ec1d69,
        type: 3}
      propertyPath: m_AnchorMin.x
      value: 0
      objectReference: {fileID: 0}
    - target: {fileID: 5643242461475393416, guid: 81bd900da123b4ebabcd066665ec1d69,
        type: 3}
      propertyPath: m_AnchorMin.y
      value: 0
      objectReference: {fileID: 0}
    - target: {fileID: 5643242461475393416, guid: 81bd900da123b4ebabcd066665ec1d69,
        type: 3}
      propertyPath: m_AnchorMax.x
      value: 1
      objectReference: {fileID: 0}
    - target: {fileID: 5643242461475393416, guid: 81bd900da123b4ebabcd066665ec1d69,
        type: 3}
      propertyPath: m_AnchorMax.y
      value: 1
      objectReference: {fileID: 0}
    - target: {fileID: 5643242461475393416, guid: 81bd900da123b4ebabcd066665ec1d69,
        type: 3}
      propertyPath: m_Pivot.x
      value: 0.5
      objectReference: {fileID: 0}
    - target: {fileID: 5643242461475393416, guid: 81bd900da123b4ebabcd066665ec1d69,
        type: 3}
      propertyPath: m_Pivot.y
      value: 0.5
      objectReference: {fileID: 0}
    - target: {fileID: 5643242461475393417, guid: 81bd900da123b4ebabcd066665ec1d69,
        type: 3}
      propertyPath: m_Name
      value: Fenetre option
      objectReference: {fileID: 0}
    - target: {fileID: 5643242461613424330, guid: 81bd900da123b4ebabcd066665ec1d69,
        type: 3}
      propertyPath: m_AnchorMin.x
      value: 0
      objectReference: {fileID: 0}
    - target: {fileID: 5643242461613424330, guid: 81bd900da123b4ebabcd066665ec1d69,
        type: 3}
      propertyPath: m_AnchorMax.x
      value: 0
      objectReference: {fileID: 0}
    - target: {fileID: 5643242461613424330, guid: 81bd900da123b4ebabcd066665ec1d69,
        type: 3}
      propertyPath: m_AnchorMax.y
      value: 0
      objectReference: {fileID: 0}
    - target: {fileID: 5643242461734817271, guid: 81bd900da123b4ebabcd066665ec1d69,
        type: 3}
      propertyPath: m_AnchorMax.x
      value: 0
      objectReference: {fileID: 0}
    - target: {fileID: 5643242461734817271, guid: 81bd900da123b4ebabcd066665ec1d69,
        type: 3}
      propertyPath: m_AnchorMax.y
      value: 0
      objectReference: {fileID: 0}
    - target: {fileID: 5643242462084073609, guid: 81bd900da123b4ebabcd066665ec1d69,
        type: 3}
      propertyPath: m_AnchorMin.x
      value: 0
      objectReference: {fileID: 0}
    - target: {fileID: 5643242462084073609, guid: 81bd900da123b4ebabcd066665ec1d69,
        type: 3}
      propertyPath: m_AnchorMax.x
      value: 0
      objectReference: {fileID: 0}
    - target: {fileID: 5643242462084073609, guid: 81bd900da123b4ebabcd066665ec1d69,
        type: 3}
      propertyPath: m_AnchorMax.y
      value: 0
      objectReference: {fileID: 0}
    - target: {fileID: 5643242462848374793, guid: 81bd900da123b4ebabcd066665ec1d69,
        type: 3}
      propertyPath: m_AnchorMin.x
      value: 0
      objectReference: {fileID: 0}
    - target: {fileID: 5643242462848374793, guid: 81bd900da123b4ebabcd066665ec1d69,
        type: 3}
      propertyPath: m_AnchorMax.x
      value: 0
      objectReference: {fileID: 0}
    - target: {fileID: 5643242462848374793, guid: 81bd900da123b4ebabcd066665ec1d69,
        type: 3}
      propertyPath: m_AnchorMax.y
      value: 0
      objectReference: {fileID: 0}
    - target: {fileID: 5643242463084936025, guid: 81bd900da123b4ebabcd066665ec1d69,
        type: 3}
      propertyPath: m_AnchorMax.x
      value: 0
      objectReference: {fileID: 0}
    - target: {fileID: 5643242463084936025, guid: 81bd900da123b4ebabcd066665ec1d69,
        type: 3}
      propertyPath: m_AnchorMax.y
      value: 0
      objectReference: {fileID: 0}
    - target: {fileID: 5643242463149282727, guid: 81bd900da123b4ebabcd066665ec1d69,
        type: 3}
      propertyPath: m_AnchorMax.x
      value: 0
      objectReference: {fileID: 0}
    - target: {fileID: 5643242463149282727, guid: 81bd900da123b4ebabcd066665ec1d69,
        type: 3}
      propertyPath: m_AnchorMax.y
      value: 0
      objectReference: {fileID: 0}
    m_RemovedComponents: []
  m_SourcePrefab: {fileID: 100100000, guid: 81bd900da123b4ebabcd066665ec1d69, type: 3}
--- !u!224 &1996115042 stripped
RectTransform:
  m_CorrespondingSourceObject: {fileID: 8989874843610696385, guid: 24a400eb214c1462cb6e751ba6e1b1c3,
    type: 3}
  m_PrefabInstance: {fileID: 255607820}
  m_PrefabAsset: {fileID: 0}
--- !u!224 &2123647616 stripped
RectTransform:
  m_CorrespondingSourceObject: {fileID: 8989874843610696385, guid: 24a400eb214c1462cb6e751ba6e1b1c3,
    type: 3}
  m_PrefabInstance: {fileID: 7497156589034355724}
  m_PrefabAsset: {fileID: 0}
--- !u!1001 &6599972720643103270
PrefabInstance:
  m_ObjectHideFlags: 0
  serializedVersion: 2
  m_Modification:
    m_TransformParent: {fileID: 0}
    m_Modifications:
    - target: {fileID: 729679011381152109, guid: f2c1d09bd17f4405581c4027e69226ef,
        type: 3}
      propertyPath: m_LocalPosition.x
      value: 1126.5426
      objectReference: {fileID: 0}
    - target: {fileID: 729679011381152109, guid: f2c1d09bd17f4405581c4027e69226ef,
        type: 3}
      propertyPath: m_LocalPosition.y
      value: 545.61676
      objectReference: {fileID: 0}
    - target: {fileID: 729679011381152109, guid: f2c1d09bd17f4405581c4027e69226ef,
        type: 3}
      propertyPath: m_LocalPosition.z
      value: -103.47933
      objectReference: {fileID: 0}
    - target: {fileID: 729679011381152109, guid: f2c1d09bd17f4405581c4027e69226ef,
        type: 3}
      propertyPath: m_LocalRotation.x
      value: 0
      objectReference: {fileID: 0}
    - target: {fileID: 729679011381152109, guid: f2c1d09bd17f4405581c4027e69226ef,
        type: 3}
      propertyPath: m_LocalRotation.y
      value: 0
      objectReference: {fileID: 0}
    - target: {fileID: 729679011381152109, guid: f2c1d09bd17f4405581c4027e69226ef,
        type: 3}
      propertyPath: m_LocalRotation.z
      value: 0
      objectReference: {fileID: 0}
    - target: {fileID: 729679011381152109, guid: f2c1d09bd17f4405581c4027e69226ef,
        type: 3}
      propertyPath: m_LocalRotation.w
      value: 1
      objectReference: {fileID: 0}
    - target: {fileID: 729679011381152109, guid: f2c1d09bd17f4405581c4027e69226ef,
        type: 3}
      propertyPath: m_RootOrder
      value: 5
      objectReference: {fileID: 0}
    - target: {fileID: 729679011381152109, guid: f2c1d09bd17f4405581c4027e69226ef,
        type: 3}
      propertyPath: m_LocalEulerAnglesHint.x
      value: 0
      objectReference: {fileID: 0}
    - target: {fileID: 729679011381152109, guid: f2c1d09bd17f4405581c4027e69226ef,
        type: 3}
      propertyPath: m_LocalEulerAnglesHint.y
      value: 0
      objectReference: {fileID: 0}
    - target: {fileID: 729679011381152109, guid: f2c1d09bd17f4405581c4027e69226ef,
        type: 3}
      propertyPath: m_LocalEulerAnglesHint.z
      value: 0
      objectReference: {fileID: 0}
    - target: {fileID: 1642056251780534097, guid: f2c1d09bd17f4405581c4027e69226ef,
        type: 3}
      propertyPath: mixer
      value: 
      objectReference: {fileID: 24100000, guid: fbfa313bd510a484798b84452aa34686,
        type: 2}
    - target: {fileID: 6878426763392117103, guid: f2c1d09bd17f4405581c4027e69226ef,
        type: 3}
      propertyPath: m_Name
      value: GestionnaireAudio
      objectReference: {fileID: 0}
    m_RemovedComponents: []
  m_SourcePrefab: {fileID: 100100000, guid: f2c1d09bd17f4405581c4027e69226ef, type: 3}
--- !u!1001 &7497156589034355724
PrefabInstance:
  m_ObjectHideFlags: 0
  serializedVersion: 2
  m_Modification:
    m_TransformParent: {fileID: 1263160916}
    m_Modifications:
    - target: {fileID: 2982139096855273935, guid: 24a400eb214c1462cb6e751ba6e1b1c3,
        type: 3}
      propertyPath: m_Text
      value: Jouer
      objectReference: {fileID: 0}
    - target: {fileID: 7482451963358553232, guid: 24a400eb214c1462cb6e751ba6e1b1c3,
        type: 3}
      propertyPath: m_Name
      value: Bouton Jouer
      objectReference: {fileID: 0}
    - target: {fileID: 8263325014708357748, guid: 24a400eb214c1462cb6e751ba6e1b1c3,
        type: 3}
      propertyPath: m_OnClick.m_PersistentCalls.m_Calls.Array.size
      value: 1
      objectReference: {fileID: 0}
    - target: {fileID: 8263325014708357748, guid: 24a400eb214c1462cb6e751ba6e1b1c3,
        type: 3}
      propertyPath: m_OnClick.m_PersistentCalls.m_Calls.Array.data[0].m_Mode
      value: 1
      objectReference: {fileID: 0}
    - target: {fileID: 8263325014708357748, guid: 24a400eb214c1462cb6e751ba6e1b1c3,
        type: 3}
      propertyPath: m_OnClick.m_PersistentCalls.m_Calls.Array.data[0].m_CallState
      value: 2
      objectReference: {fileID: 0}
    - target: {fileID: 8263325014708357748, guid: 24a400eb214c1462cb6e751ba6e1b1c3,
        type: 3}
      propertyPath: m_OnClick.m_PersistentCalls.m_Calls.Array.data[0].m_Target
      value: 
      objectReference: {fileID: 690980260}
    - target: {fileID: 8263325014708357748, guid: 24a400eb214c1462cb6e751ba6e1b1c3,
        type: 3}
      propertyPath: m_OnClick.m_PersistentCalls.m_Calls.Array.data[0].m_MethodName
      value: demarrerJeu
      objectReference: {fileID: 0}
    - target: {fileID: 8263325014708357748, guid: 24a400eb214c1462cb6e751ba6e1b1c3,
        type: 3}
      propertyPath: m_OnClick.m_PersistentCalls.m_Calls.Array.data[0].m_Arguments.m_ObjectArgumentAssemblyTypeName
      value: UnityEngine.Object, UnityEngine
      objectReference: {fileID: 0}
    - target: {fileID: 8989874843610696385, guid: 24a400eb214c1462cb6e751ba6e1b1c3,
        type: 3}
      propertyPath: m_LocalPosition.x
      value: 0
      objectReference: {fileID: 0}
    - target: {fileID: 8989874843610696385, guid: 24a400eb214c1462cb6e751ba6e1b1c3,
        type: 3}
      propertyPath: m_LocalPosition.y
      value: 0
      objectReference: {fileID: 0}
    - target: {fileID: 8989874843610696385, guid: 24a400eb214c1462cb6e751ba6e1b1c3,
        type: 3}
      propertyPath: m_LocalPosition.z
      value: 0
      objectReference: {fileID: 0}
    - target: {fileID: 8989874843610696385, guid: 24a400eb214c1462cb6e751ba6e1b1c3,
        type: 3}
      propertyPath: m_LocalRotation.x
      value: -0
      objectReference: {fileID: 0}
    - target: {fileID: 8989874843610696385, guid: 24a400eb214c1462cb6e751ba6e1b1c3,
        type: 3}
      propertyPath: m_LocalRotation.y
      value: -0
      objectReference: {fileID: 0}
    - target: {fileID: 8989874843610696385, guid: 24a400eb214c1462cb6e751ba6e1b1c3,
        type: 3}
      propertyPath: m_LocalRotation.z
      value: -0
      objectReference: {fileID: 0}
    - target: {fileID: 8989874843610696385, guid: 24a400eb214c1462cb6e751ba6e1b1c3,
        type: 3}
      propertyPath: m_LocalRotation.w
      value: 1
      objectReference: {fileID: 0}
    - target: {fileID: 8989874843610696385, guid: 24a400eb214c1462cb6e751ba6e1b1c3,
        type: 3}
      propertyPath: m_RootOrder
      value: 0
      objectReference: {fileID: 0}
    - target: {fileID: 8989874843610696385, guid: 24a400eb214c1462cb6e751ba6e1b1c3,
        type: 3}
      propertyPath: m_LocalEulerAnglesHint.x
      value: 0
      objectReference: {fileID: 0}
    - target: {fileID: 8989874843610696385, guid: 24a400eb214c1462cb6e751ba6e1b1c3,
        type: 3}
      propertyPath: m_LocalEulerAnglesHint.y
      value: 0
      objectReference: {fileID: 0}
    - target: {fileID: 8989874843610696385, guid: 24a400eb214c1462cb6e751ba6e1b1c3,
        type: 3}
      propertyPath: m_LocalEulerAnglesHint.z
      value: 0
      objectReference: {fileID: 0}
    - target: {fileID: 8989874843610696385, guid: 24a400eb214c1462cb6e751ba6e1b1c3,
        type: 3}
      propertyPath: m_AnchoredPosition.x
      value: 0
      objectReference: {fileID: 0}
    - target: {fileID: 8989874843610696385, guid: 24a400eb214c1462cb6e751ba6e1b1c3,
        type: 3}
      propertyPath: m_AnchoredPosition.y
      value: 0
      objectReference: {fileID: 0}
    - target: {fileID: 8989874843610696385, guid: 24a400eb214c1462cb6e751ba6e1b1c3,
        type: 3}
      propertyPath: m_SizeDelta.x
      value: 371
      objectReference: {fileID: 0}
    - target: {fileID: 8989874843610696385, guid: 24a400eb214c1462cb6e751ba6e1b1c3,
        type: 3}
      propertyPath: m_SizeDelta.y
      value: 111.7
      objectReference: {fileID: 0}
    - target: {fileID: 8989874843610696385, guid: 24a400eb214c1462cb6e751ba6e1b1c3,
        type: 3}
      propertyPath: m_AnchorMin.x
      value: 0
      objectReference: {fileID: 0}
    - target: {fileID: 8989874843610696385, guid: 24a400eb214c1462cb6e751ba6e1b1c3,
        type: 3}
      propertyPath: m_AnchorMin.y
      value: 0
      objectReference: {fileID: 0}
    - target: {fileID: 8989874843610696385, guid: 24a400eb214c1462cb6e751ba6e1b1c3,
        type: 3}
      propertyPath: m_AnchorMax.x
      value: 0
      objectReference: {fileID: 0}
    - target: {fileID: 8989874843610696385, guid: 24a400eb214c1462cb6e751ba6e1b1c3,
        type: 3}
      propertyPath: m_AnchorMax.y
      value: 0
      objectReference: {fileID: 0}
    - target: {fileID: 8989874843610696385, guid: 24a400eb214c1462cb6e751ba6e1b1c3,
        type: 3}
      propertyPath: m_Pivot.x
      value: 0.5
      objectReference: {fileID: 0}
    - target: {fileID: 8989874843610696385, guid: 24a400eb214c1462cb6e751ba6e1b1c3,
        type: 3}
      propertyPath: m_Pivot.y
      value: 0.5
      objectReference: {fileID: 0}
    m_RemovedComponents: []
  m_SourcePrefab: {fileID: 100100000, guid: 24a400eb214c1462cb6e751ba6e1b1c3, type: 3}
